3635 4716
1905 288 2116 367 404·
2277 337 2298 368 ‚t

723 436 860 489 mo
905 403 947 486 ὲ
990 405 1039 482 il
1084 399 1375 509 pilento
1415 381 1624 473 usato
1668 391 1875 475 nolle
1908 390 2013 473 sa·
2066 389 2578 503 solennibusq3
2635 389 3034 473 ufitatum..
3161 392 3350 476 Haec

727 545 857 597 cre
901 502 1302 593 solennitz‘t.
1441 502 1738 615 Qesta
1776 501 2012 614 spetie
2057 489 2320 613 -itaqve
2380 505 2725 613 carpenti
2770 514 2843 582 δε
2885 504 3154 616 pilenti
3201 503 3344 613 spe-

731 627 972 706 dunus
1020 616 1096 696 di
1140 619 1512 723 carpento
1557 624 1633 694 δέ
1666 612 1745 693 di
1775 615 2015 725 pilen-
2069 620 2223 694 cies
2279 640 2440 694 erat
2488 614 2928 693 vehiculum
2983 672 3005 706 ,
3072 620 3352 722 promi-

728 759 814 813 to
850 759 976 826 era
1003 756 1103 806 un
1134 725 1493 805 vehiculo
1552 784 1574 819 ,
1636 724 1785 805 che
1812 724 1870 804 fi
1903 729 2018 834 pi-
2069 721 2239 805 seue
2270 723 2481 806 idem
2511 722 2934 832 significans
2964 783 2987 819 ,
3046 734 3122 802 &
3156 725 3356 807 Gra:-

727 843 986 951 gliano
1020 838 1062 914 l'
1091 863 1247 916 uno
1279 862 1419 943 per
1443 836 1485 912 l’
1514 836 1706 914 altro
1770 895 1792 930 ,
1862 836 2015 914 &li
2072 842 2142 914 ci
2199 833 2274 914 id
2336 834 2716 945 appellant
2773 835 2871 913 M
2922 834 2983 912 E
3025 831 3104 912 T
3149 835 3207 912 E
3248 837 3353 913 A-

731 954 971 1031 Greci
1006 949 1085 1025 lo
1130 944 1421 1024 dicono
1467 946 1566 1023 M
1599 945 1662 1024 E
1703 945 1781 1024 T
1814 944 2019 1024 E'A-
2073 945 2132 1024 P
2165 947 2245 1026 O
2277 946 2360 1026 N
2420 1005 2444 1040 ‚
2505 951 2848 1052 itemqve
2886 944 3360 1039 OXHMA„

731 1059 995 1140 PON
1052 1089 1071 1141 3
1108 1083 1364 1145 ,come
1409 1082 1607 1134 anco
1638 1057 1741 1136 ‘O
1779 1055 2022 1140 ΧΗ·
2076 1083 2404 1164 cumqve
2459 1060 2652 1136 rotis
2701 1054 2814 1134 est
2853 1053 3147 1156 duabps
3204 1113 3236 1151 ,Γ
3277 1081 3358 1135 ut

733 1173 832 1251 M
866 1171 931 1247 A
997 1227 1018 1261 ‚
1083 1176 1159 1243 &
1203 1162 1387 1245 sono
1435 1163 1510 1242 di
1560 1164 1709 1245 due
1752 1192 2017 1261 ruote,
2076 1166 2338 1248 videre
2367 1166 2547 1245 licet
2584 1171 2663 1244 in
2684 1170 3361 1244 commemoratio·

737 1274 1237 1361 comefirede
1258 1274 2018 1354 nellamemoriadel·
2077 1304 2175 1357 ne
2233 1274 2812 1356 vehiculationis
2883 1275 3364 1385 veetigalibus

730 1390 802 1469 la
851 1386 1411 1468 vehiculatione
1457 1382 1651 1462 della
1696 1383 2016 1494 gabilla;
2078 1385 2437 1466 obnoxiae
2479 1444 2501 1480 ,
2579 1413 2745 1494 qvae
2804 1444 2827 1480 ,
2881 1412 2981 1464 ne
3039 1383 3085 1463 a
3146 1390 3366 1464 carris

735 1498 914 1580 Che
972 1492 1156 1576 tolse
1205 1500 1322 1572 via
1366 1490 1443 1578 di
1487 1498 1678 1573 carri
1716 1496 1768 1573 il
1809 1496 2022 1575 buon
2078 1503 2454 1577 mercium
2514 1509 3001 1604 exigerentur
3041 1554 3064 1588 ,
3143 1494 3362 1576 sustu-

734 1610 1005 1689 Nerva
1062 1600 1559 1713 Imperaclore
1632 1637 1650 1681 :
1725 1604 2022 1685 Pet-che
2078 1608 2161 1687 lit
2219 1606 2467 1685 bonus
2513 1608 2806 1686 Nerva.
2923 1605 3132 1684 Nam
3181 1633 3359 1683 eum

736 1711 1127 1797 faeendofi
1187 1718 1586 1794 mentione
1641 1713 1892 1823 press‘o
1944 1713 2022 1800 di
2081 1715 2278 1826 apud
2301 1711 3354 1824 Scriptoresmentiofitmera

738 1829 1087 1908 Scrittori
1143 1829 1223 1902 in
1268 1829 1421 1902 vari
1466 1829 1682 1902 nomi
1728 1823 2020 1906 dicono
2080 1833 2284 1907 cium
2324 1833 2546 1904 carris
2594 1824 3083 1904 advectarum
3125 1831 3200 1904 in
3242 1853 3358 1903 ur-

733 1938 829 2049 gl'
849 1933 1069 2015 isteffi
1101 1939 1288 2012 carri
1307 1931 1402 2013 da
1414 1960 1719 2041 portare
1737 1935 1808 2015 le
1827 1962 2024 2014 mer·
2081 1937 2260 2018 bem
2280 1996 2301 2030 ‚
2321 1941 2540 2014 variis
2571 1935 3011 2014 nominibus
3041 1962 3203 2014 tem
3231 1932 3360 2013 de-

736 2053 809 2127 ci
853 2045 1051 2125 nella
1090 2042 1300 2124 cittii.
1420 2042 1737 2123 Accada
1764 2046 1834 2124 al
1867 2063 2025 2126 car·
2079 2047 2370 2157 signant
2388 2042 2739 2125 eandem.
2859 2042 3189 2138 Itafit,ut
3207 2071 3358 2123 car-

732 2186 822 2236 ro
867 2215 890 2251 ,
948 2179 1319 2263 carpento
1348 2164 1451 2233 &⁸
1510 2155 1747 2234 ilento
1790 2216 1811 2250 ‚
1874 2154 2023 2235 che
2080 2154 3356 2264 rm,carpentum‚pilentum,unum

731 2267 777 2346 l'
806 2293 961 2371 uno
992 2290 1127 2374 per
1155 2264 1199 2338 l'
1226 2265 1417 2341 altro
1452 2181 1503 2340 Ε
1535 2265 1762 2373 piglia
1800 2325 1823 2363 ‚
1890 2292 2022 2342 co·
2079 2294 2218 2378 pro
2264 2267 3004 2372 altero-accipiqntur
3053 2323 3075 2358 ,
3145 2266 3355 2374 plane

732 2404 865 2457 me
908 2377 1257 2453 ameiene
1307 2374 1444 2452 alla
1481 2374 1794 2479 cythera
1821 2386 1896 2454 δέ
1923 2376 2022 2454 al·
2081 2377 2268 2458 ficut
2299 2375 2612 2481 cythara
2636 2384 2712 2453 δε
2738 2374 2944 2480 lyra,
3000 2383 3350 2484 qvoniam

728 2489 801 2566 fla
830 2487 984 2590 lyra
1028 2543 1050 2577 ‚
1121 2484 1269 2564 che
1298 2482 1679 2563 ambedue
1711 2485 2024 2565 haveva-
2080 2517 2230 2568 una
2272 2487 2484 2564 alteri
2529 2484 2779 2563 similis
2835 2545 2862 2581 ,
2921 2496 2999 2565 δε
3045 2514 3191 2563 una
3230 2482 3358 2564 de-

732 2626 838 2677 no
883 2593 1378 2703 similitudine⁸
1419 2653 1442 2690 ‚
1503 2603 1581 2671 δε
1622 2595 1666 2671 1’
1707 2623 1855 2673 una
1902 2614 2022 2674 ca·
2080 2597 2373 2705 sumpta
2415 2592 2524 2673 est
2565 2593 2660 2673 ab
2692 2595 2920 2675 altera
2970 2655 2993 2689 ,
3063 2590 3365 2674 indiffe-

654 2783 656 2787 ,
735 2733 905 2788 vata
948 2703 1115 2782 dall’
1143 2704 1345 2805 altra,
1378 2763 1401 2799 ,
1461 2713 1538 2782 δε
1579 2706 1813 2784 molle
1842 2702 2021 2785 fiate
2069 2734 2336 2809 frenter
2442 2732 2528 2782 ro
2588 2702 2870 2783 eodem
2915 2703 3364 2783 instrumen-

648 2812 655 2818 ’
735 2817 1024 2896 dicono
1070 2812 1854 2919 l’unoinstromento
1886 2843 2021 2923 per
2080 2845 2164 2897 to
2221 2732 2512 2894 ωυίξςο
2568 2841 2653 2892 ca
2716 2817 2966 2893 iuntur
3019 2873 3040 2909 ‚
3100 2841 3363 2921 qvam-

730 2930 774 3004 l'
801 2926 1059 3019 altro,
1119 2922 1190 3002 se
1220 2922 1425 3000 bene
1448 2922 1494 2998 l’
1519 2950 1664 3000 una
1696 2920 1737 3002 ὲ
1770 2952 1922 3002 con
1954 2925 2021 3002 la
2078 2932 2187 3008 vis
2219 2952 2453 3005 unum
2482 2944 2635 3011 con
2705 2950 2784 3002 et
2814 2923 3223 3017 testudine,
3256 2925 3367 3001 al-

734 3034 1109 3140 testugine
1152 3042 1227 3111 δε
1271 3031 1314 3109 l’
1342 3034 1524 3111 altra
1562 3061 1722 3110 non
1778 3093 1800 3127 ,
1863 3062 2019 3111 am·
2078 3064 2329 3121 terum
2384 3031 2568 3113 vero
2630 3061 2790 3110 non
2845 3093 2868 3129 ,
2941 3044 3020 3115 &
3074 3061 3376 3137 utrum-

732 3143 985 3225 bedue
1020 3142 1070 3219 fi
1104 3140 1230 3220 suo
1263 3170 1558 3220 navano
1592 3140 1687 3220 ad
1718 3171 1817 3221 un
1854 3171 2019 3220 mo-
2079 3174 2226 3254 qve
2269 3142 2606 3222 fimiliter
2653 3138 2886 3222 sonet.
3015 3146 3125 3223 Ita
3168 3174 3380 3252 qvo-

730 3254 877 3333 do.
1002 3250 1183 3329 Cofi
1217 3250 1550 3331 etiaudio
1584 3256 1604 3328 i
1638 3252 1871 3350 Greci
1909 3258 2019 3360 pi·
2078 3284 2226 3363 qve
2276 3254 2527 3332 Graeci
2572 3255 2930 3362 Prognen
2976 3260 3388 3362 accipiunt

728 3365 983 3475 gliano
1021 3361 1333 3469 'Progne
1374 3359 2011 3468 perPhilomela,
2130 3392 2215 3445 to
2249 3360 2674 3443 Philomela
2726 3421 2777 3455 ‚-
2807 3372 2881 3440 &
2912 3364 3223 3471 qvando
3264 3366 3380 3447 de

729 3467 1657 3582 &ognivoltachefidice
1679 3469 2009 3579 Progne,
2136 3500 2377 3581 rogne
2424 3529 2446 3564 ,
2540 3473 2970 3581 intelligunt
3027 3471 3383 3556 sororem

726 3582 770 3662 f
811 3579 1131 3662 intende
1180 3607 1315 3687 per
1353 3580 1422 3656 la
1468 3575 1725 3658 sorella
1759 3578 2015 3658 Philo·
2075 3589 2235 3683 ejus
2297 3581 2825 3660 Philomelam.
2951 3583 3013 3663 E
3073 3582 3365 3663 diverso

727 3694 961 3773 mela.
1106 3688 1288 3771 Cofi
1361 3686 1698 3785 dicendo
1757 3689 2015 3769 Philo-
2071 3696 2463 3770 nominata
2528 3682 2951 3770 Philomela
3004 3753 3032 3788 ,
3096 3692 3364 3773 intelli,

588 3846 599 3859 ·
723 3793 949 3881 mela-
982 3860 1006 3893 ,
1064 3797 1121 3877 s'
1166 3797 1479 3878 intende
1511 3823 1650 3906 per
1678 3799 2011 3908 Progne,
2068 3828 2258 3909 gunt
2285 3800 2642 3908 Prognen
2684 3859 2707 3895 ,
2763 3807 3124 3908 qvoniam
3154 3827 3381 3881 utet*-

720 3938 859 4019 per
896 3905 1095 3996 effer
1136 3907 1515 3987 ambedue
1562 3933 1738 4013 nate
1782 3909 1861 3987 di
1910 3936 2009 3988 un
2069 3940 2216 4021 qve
2249 3909 2531 3991 eodem
2557 3915 2821 4017 genita
2850 3937 3164 4018 parente
3215 3972 3244 4008 ,
3287 3925 3396 4023 §g

717 4016 951 4130 padre
997 4075 1020 4112 ‚
1085 4028 1163 4095 δε
1192 4023 1537 4127 cangiate
1564 4017 1817 4141 inxdue
1846 4023 2010 4145 pic·
2066 4021 2306 4103 ambae
2351 4017 2722 4103 conversae
2764 4016 3035 4103 suntin
3062 4022 3276 4104 dua&
3301 4048 3376 4100 a·

1846 4156 2009 4211 clo·
2787 4176 2795 4185 ⁵
3164 4160 3390 4217 vicu·
