3635 4716
691 287 838 354 292
1465 238 2526 334 DEREVEmcuLAm,

687 383 1036 459 nominat
1073 377 1480 455 mulierem
1525 366 1962 449 essedariam
1979 421 2003 451 ,
2062 371 2184 446 cui
2215 366 2605 476 oppositos
2640 366 2851 451 fuiffe
2869 398 3118 454 nanos
3148 381 3335 479 joci

673 480 936 568 ¹cauffa
947 506 1186 596 puto„
1222 480 1479 562 Verba
1495 481 1690 559 clara
1706 475 1891 556 sunt:
1906 489 2055 553 Iam
2075 478 2570 587 nanosaltquot
2590 476 3327 573 habet,&mulierem

687 596 1110 704 ffdariam,
1130 599 1257 701 qui
1276 588 1559 671 scilicet
1571 588 1907 697 pter-lium
1923 591 2120 664 inter
2135 583 2205 665 se
2226 592 2718 668 committant
2735 649 2758 685 ‚
2775 598 2955 670 nani
2967 594 3281 703 pedites
3301 656 3332 691 ,

691 718 768 784 &
785 707 1048 785 mulier
1060 731 1158 782 ex
1179 698 1463 793 essedo,
1483 698 1581 778 {ic
1594 701 1804 777 enim
1822 701 2290 775 conveniens
2311 692 2558 776 fuerat
2576 758 2598 793 ‚
2615 723 2699 778 ut
2714 729 2861 780 una
2872 704 3129 810 plures
3150 703 3327 813 pos-

689 813 799 894 set
813 841 1132 921 sequare.
1192 808 1625 916 Testaturq5
1643 806 2074 915 Xiphilinus
2092 810 2171 883 in
2190 806 2925 903 Domitian0‚nanos
2940 840 3031 892 ac
3049 815 3328 895 mulie-

690 952 810 1003 res
829 925 1212 1001 committi
1230 915 1704 999 consveviss'e.
1761 913 2140 989 Πολλάκιςὸἳ
2159 913 2262 991 τὶς
2275 915 2505 999 &agra-5
2515 915 2718 1011 rv'n'lug
2745 920 3037 1017 {wolffg}
3053 926 3200 1006 ἕςιν
3216 925 3317 994 ἔτι

695 1029 794 1127 ’tq-l
819 1032 984 1107 rafim
1009 1030 1063 1106 (ἃ
1078 1035 1355 1117 γυναῖκας
1370 1034 1714 1108 sudeam.
1768 1028 1939 1125 Saepe
1950 1017 2165 1105 neela,
2184 1042 2385 1123 quoq„
2399 1024 2787 1119 certamin4
2815 1022 3167 1123 instituit,
3184 1022 3318 1100 ali-

693 1130 972 1250 quando
985 1158 1200 1210 nanos
1214 1155 1409 1239 quoq?
1425 1158 1501 1206 ac
1518 1127 1845 1203 mulieres
1859 1122 2216 1228 commsst.
2275 1123 2410 1203 Ad
2427 1126 2768 1205 eundem
2788 1128 3122 1211 modum
3138 1133 3318 1211 alibi

689 1237 939 1322 iciss'or
954 1239 1150 1349 apud
1178 1267 1355 1319 eum
1384 1233 1860 1346 repraesentat
1883 1231 2327 1314 effedarium
2353 1261 2853 1343 pugnantem.
2912 1254 3020 1316 Ita
3046 1242 3311 1319 lacera,-

692 1342 819 1427 ‹Zit
835 1347 1180 1456 obsonium
1182 1338 1207 1436 ,¹
1227 1369 1307 1424 ut
1312 1368 1599 1456 putares
1614 1342 2012 1448 effidarium
2070 1371 2350 1450 ugnstre.
2415 1345 2604 1439 Cur,
2624 1342 3070 1427 effedarium
3087 1368 3110 1427 ἓ
3128 1359 3311 1459 quia

688 1457 881 1541 solus
907 1486 1240 1567 pugnare
1272 1484 1448 1536 cum
1482 1453 1816 1564 pluribus
1848 1480 2001 1532 con
2030 1459 2249 1533 vcvit.
2309 1453 2451 1531 Ista
2467 1482 2723 1564 namq3
2757 1461 2939 1534 ratio
2963 1456 3312 1540 similitu-

692 1570 914 1653 dinis,
989 1566 1411 1649 Videbatur
1427 1561 1672 1657 scissor
1701 1559 1968 1642 ver'sari
1984 1567 2184 1642 inter
2199 1561 2553 1649 obsonia,
2586 1574 2662 1642 «Sc
2689 1564 2882 1644 aliud
2896 1565 3061 1673 post
3087 1567 3299 1646 aliud

604 1730 614 1739 -
693 1674 1005 1786 adgredi
1023 1677 1489 1760 aclacerare,
1523 1672 1709 1752 ficut
1738 1670 2133 1753 effedarius
2152 1670 2434 1752 solebat
2465 1698 2843 1754 certantes
2861 1671 3288 1765 secumina—

691 1814 874 1868 rena
893 1783 1194 1895 pedites
1212 1817 1231 1869 ·‚
1293 1795 1368 1865 δε
1385 1783 1700 1864 ficutsita
1717 1782 1986 1865 mulier
2002 1779 2357 1885 essedaria
2385 1810 2625 1861 nanos
2643 1782 2921 1863 adoriri
2939 1783 3290 1864 debebat.

692 1899 922 2005 Qos
948 1893 1270 2003 proinde
1296 1921 1532 1972 nanos
1561 1891 1823 1971 frustra
1838 1897 2171 2001 optimus
2201 1886 2735 2001 doffissimusq3
2786 1893 3197 1974 *Reinesius
3230 1901 3308 1973 in

690 2032 983 2084 mannos
1007 2009 1434 2083 immutavit
1467 2062 1488 2097 ,
1546 2002 1732 2082 ficut
1756 2008 1836 2080 in
1875 1998 2335 2110 Appendice
2361 1999 2455 2083 ad
2485 1998 2804 2082 Nostras
2839 2007 2920 2080 in
2953 2005 3303 2123 ‘Petronii
3368 2054 3379 2059 -

690 2115 958 2224 fragm
968 2138 1229 2193 entum
1248 2114 1501 2195 Notas
1519 2109 2222 2191 demonstravimus.
2309 2110 2694 2192 Caeterum
2711 2109 2762 2190 fi
2775 2139 3307 2225 pugnaverunt

689 2221 847 2309 soli,
875 2228 1137 2341 utique
1155 2220 1615 2300 descendere
1634 2218 1731 2298 de
1750 2248 1970 2298 curru
1988 2247 2152 2298 non
2166 2245 2547 2326 poterant.
2625 2223 2789 2329 Qi
2811 2227 3010 2299 enim
3030 2220 3297 2328 singuli

687 2361 904 2442 pares
924 2334 1070 2410 efle
1089 2326 1494 2438 potuissent
1517 2328 1847 2446 pluribus
1877 2346 1898 2406 ἓ
1963 2326 2227 2441 Qate
2256 2328 2519 2410 locum
2544 2330 2849 2410 Senecae
2870 2354 3054 2439 puto
3072 2331 3291 2410 aliter

691 2440 1248 2549 accipiendum.
1308 2440 1625 2548 Nempe
1645 2439 2231 2536 cumGra-cmus
2263 2465 2763 2546 quaereretur,
2783 2438 2962 2549 quid
2987 2435 3284 2520 sentiret

691 2549 791 2632 de
806 2558 1079 2630 virtute
1097 2545 1533 2658 Philosophi
1553 2546 1694 2635 ‚ide
1712 2569 1873 2655 quo
1888 2548 1995 2625 ibi
2010 2550 2257 2627 sermo
2275 2605 2296 2640 ‚
2316 2544 2769 2655 respondisse
2797 2546 3032 2657 ipsum
3047 2557 3144 2630 ait
3163 2551 3295 2630 Se-

688 2688 884 2745 neca
901 2720 922 2756 ,
942 2685 1300 2766 tanquam
1319 2680 1777 2766 quaererctur
1805 2656 1904 2735 de
1920 2661 2193 2736 virtute
2223 2654 2566 2757 essedarij
2587 2716 2609 2750 ,
2627 2655 2726 2737 de
2745 2687 2896 2765 qua
2910 2688 3069 2738 non
3081 2657 3304 2769 possit

689 2769 1035 2849 constare
1056 2828 1080 2862 ‚
1099 2795 1274 2847 cum
1302 2767 1400 2844 de
1429 2768 1658 2875 gradu
1690 2793 2025 2873 pugnare
2048 2793 2205 2842 non
2226 2762 2478 2856 soleat.
2543 2768 2801 2845 Virtus
2836 2796 3013 2846 vera
3040 2771 3303 2850 militis

688 2903 999 2984 apparet
1033 2905 1130 2953 cx
1162 2879 1576 2976 certamine
1601 2935 1623 2969 ‚
1663 2874 1875 2982 quod
1903 2872 1991 2955 fit
2019 2876 2308 2953 collato
2336 2871 2597 2981 gradu.
2667 2879 2829 2988 Qi
2860 2873 2957 2954 fic
2972 2904 3308 2986 pugnat,

686 3006 950 3062 certare
965 2983 1050 3061 de
1053 2982 1284 3091 gradu
1304 2983 1575 3080 dicitur
1589 2983 2045 3089 „quomodo
2079 2988 2206 3089 qui
2238 2979 2579 3062 vincitur*
2598 2991 3015 3064 certamine
3046 2986 3300 3088 hujus-

684 3093 927 3184 modi,
946 3093 1030 3169 dc
1033 3094 1264 3199 gradu
1283 3093 1512 3204 disjici.
1630 3093 1931 3170 Contra
1961 3120 2120 3170 non
2142 3116 2392 3171 certat
2418 3088 2517 3169 de
2543 3090 2776 3199 gradu
2797 3152 2822 3186 ,
2840 3100 3150 3201 quinon
3167 3126 3301 3175 eo-

684 3200 865 3282 dem
881 3202 1116 3308 gradu
1134 3202 1464 3284 confistit
1478 3261 1500 3298 ,
1527 3199 1652 3282 sed
1667 3198 2003 3300 discurrit
2020 3261 2042 3294 ,
2067 3211 2141 3279 &
2156 3198 2402 3277 modo
2472 3226 2697 3309 ugnat
2711 3201 2809 3279 ab
2824 3202 2971 3284 hac
2997 3261 3018 3298 ,
3046 3205 3303 3285 modo

683 3309 777 3391 ab
796 3310 914 3388 illa
927 3333 1162 3417 parte.
1241 3312 1471 3392 Tales
1503 3308 1808 3392 fuerunt
1842 3307 2199 3407 ess'edarij.
2266 3227 2509 3389 Unde.
2525 3305 2764 3389 Caesar
2788 3310 2981 3392 dicit
3007 3352 3028 3407 5
3055 3322 3291 3394 etiam

584 3505 592 3514 ,
681 3416 911 3503 in'se'ri
910 3425 978 3519 js
996 3473 1018 3502 ‚
1043 3441 1175 3526 per
1188 3446 1420 3494 omnes
1435 3442 1676 3527 partes
1687 3425 2156 3527 perequitare.
2230 3417 2329 3494 Et
2361 3418 2647 3496 Cicero
2676 3417 3283 3516 adTrebatium,

678 3552 964 3614 caveto,
991 3519 1174 3606 neab
1188 3526 1523 3631 essedariis
1550 3526 1949 3634 dectpiarir,
2010 3523 2475 3633 quiahorum
2486 3522 2641 3622 =fisit.
2658 3534 3053 3636 proprium
3066 3579 3101 3623 -,
3120 3557 3281 3607 nori.

681 3666 837 3734 tarn
854 3644 1127 3717 virtute
1147 3635 1648 3728 contendere,
1666 3663 1897 3742 quam
1912 3662 2068 3715 arte
2085 3663 2172 3714 ac
2189 3632 2535 3728 consilio,
2554 3634 2895 3720 simulare
2907 3642 3273 3747 impetum

676 3747 922 3834 inhoc
938 3746 1119 3824 loco
1138 3804 1163 3840 ‚
1178 3743 1479 3854 aggredi
1495 3751 1574 3822 in
1592 3746 1737 3824 alio
1757 3744 2112 3823 celeriter
2128 3742 2667 3822 circumductis
2686 3752 2899 3853 equis
2915 3806 2939 3840 ,
2952 3772 3123 3824 mox
3150 3741 3268 3823 fu-

672 3885 848 3965 gam
866 3883 1012 3965 prae
1030 3852 1098 3934 se
1115 3850 1339 3948 ferre,
1359 3879 1521 3932 tum
1545 3849 1880 3948 essedam
1899 3871 2373 3935 convertere,
2393 3878 2480 3928 ac
2495 3880 2645 3931 nec
2678 3861 3065 3963 opinantes
3084 3851 3276 3932 ado-

670 3971 818 4043 riri.
935 3965 1124 4046 Hoc
1154 3961 1601 4078 respiciebat
1631 3960 2019 4045 Graecinus
2047 3971 2125 4045 δε
2150 3957 2777 4048 ideodevirtute
2811 3959 3299 4153 Ρὴὶὶοίορὶὲὶ,

2892 4089 2901 4108 ·
3094 4133 3097 4136 2
3236 4101 3305 4157 e-

635 4227 638 4232 ⁵
711 4229 746 4250 l

3430 2965 3481 2980 q
