3635 4716
661 276 819 365 284
1478 226 2557 343 DnREVizmeutAnn

617 398 621 407 ’
664 419 930 505 ceptae.
991 389 1171 469 Sine
1190 387 1335 466 ulla
1350 389 1558 463 enim
1576 380 2107 475 admonitione
2121 434 2145 466 ,
2164 407 2252 456 ac
2271 377 2708 485 {impliciter
2722 374 2822 458 fic
2840 374 3125 487 seribit:
3152 389 3294 464 Hic

669 504 914 587 Vedius
941 502 1153 576 venit
1180 493 1362 570 mihi
1375 489 1667 569 obviam
1695 518 1847 566 cum
1879 485 2140 566 duobus·
2166 486 2415 594 ffdis.
2480 489 2533 566 P
2546 514 2723 566 otro
2733 485 2872 567 ‘scri
2880 516 3091 599 ptam
3112 521 3290 573 eam

665 610 817 694 effe
834 606 1223 718 epistolam
1242 662 1264 697 ‚
1280 600 1331 680 fi
1346 601 1750 707 diligenter
1766 603 2026 677 omnia
2050 595 2727 705 ponderaverimus
2746 657 2768 692 ‚
2785 625 2964 679 ante
2980 600 3291 683 Caesaris

667 729 750 801 in
767 718 1228 803 Britanniam
1243 708 1825 818 expeditionem
1844 704 2552 816 depraehendemus',
2580 706 2784 786 unde
2803 704 3167 816 sequitur,
3188 709 3293 791 es-

671 829 876 910 sedas
901 825 1279 906 Romanis
1297 846 1453 896 non
1473 815 1716 896 modo
1733 842 1978 910 notas»,
1995 814 2116 894 sed
2134 824 2208 893 δε
2223 813 2598 924 usurpatas
2616 811 3298 928 fuiffe‚priusquam

675 928 1185 1031 eisnota'effet
1213 932 1616 1009 Britannia.
1660 925 1898 1008 Unde
1926 952 2112 1004 vero
2136 930 2491 1002 notitiam
2522 922 2819 1003 &usum
2836 928 3053 1007 illum
3072 958 3291 1008 acce-

672 1069 976 1157 perunt,
1003 1038 1132 1117 nifi
1154 1067 1248 1118 ex
1270 1038 1740 1145 Belgi5‚quos
1811 1034 2079 1114 roinde
2093 1031 2488 1111 verifimile
2506 1094 2527 1128 ,
2545 1038 2834 1143 primos
2852 1032 3137 1133 elfreda,
3163 1042 3286 1135 vel

678 1150 963 1236 ess'edas
982 1142 1463 1254 excogitaffe.
1538 1145 1705 1248 Jatn
1720 1063 2035 1251 {fBelgae
2050 1147 2275 1250 primi
2305 1138 2569 1221 effedae
2584 1147 2930 1224 auctores
2956 1204 2980 1240 ‚
3005 1173 3291 1228 nomen

675 1268 912 1343 etiam
936 1257 1028 1336 ab
1048 1255 1214 1365 ipsis
1232 1259 1372 1334 erit
1386 1309 1410 1339 ,
1431 1252 1719 1360 quodq;
1733 1250 1831 1330 fic
1857 1260 2217 1329 vocata&
2235 1252 2605 1329 Britannis
2624 1311 2647 1345 ‚
2672 1251 2753 1330 id
2769 1255 3042 1362 Belgis»,
3070 1253 3115 1334 ὲ
3134 1286 3288 1364 quo

671 1370 1103 1452 vehiculum
1121 1386 1616 1471 acceperunt,
1634 1359 2062 1439 debebitur.
2125 1361 2391 1469 Qare
2418 1359 2730 1466 quando
2762 1360 3285 1465 ficJornandes

673 1484 778 1559 ait
793 1470 979 1558 Rer.
999 1472 1242 1553 Goth.
1266 1499 1331 1550 c.
1358 1500 1427 1548 2.
1451 1467 1550 1549 de
1569 1472 1943 1549 Britannis
1973 1500 1990 1543 ε
2022 1527 2027 1533 »
2049 1467 2304 1545 Bellum
2305 1490 2567 1575 gerunt
2581 1467 2755 1581 bigis
2769 1468 3282 1582 curribusque.)

651 1586 973 1693 falcatis,
1038 1610 1154 1659 uos
1169 1608 1360 1657 more
1375 1582 1663 1688 vulgari
1674 1575 1923 1684 ffdas
1940 1597 2201 1654 vocant
2219 1608 2240 1651 .·
2297 1603 2455 1656 non
2473 1577 3075 1674 existimandum,
3095 1581 3277 1660 effe-

675 1694 788 1774 dae
807 1613 1264 1774 vocabulum
1277 1686 1320 1767 a
1333 1691 1557 1797 vulgo
1578 1690 2110 1767 Britannorum
2128 1692 2651 1794 excogitatum
2678 1745 2698 1781 ,
2730 1685 2855 1768 sed
2874 1715 3272 1797 acceptum

678 1800 844 1882 usur
901 1826 1260 1907 atumque
1286 1824 1625 1876 unacum
1640 1791 1797 1904 ipso
1815 1796 2170 1875 vehiculo
2189 1795 2283 1872 ab
2311 1794 2424 1873 his
2442 1852 2463 1890 ‚
2497 1824 2689 1903 quos
2715 1795 2896 1875 dixi.
3008 1798 3279 1878 Forma

680 1828 1093 1991 effegarum
1114 1907 1346 2015 qualis
1365 1900 1594 1985 fiterit
1618 1964 1641 2000 ,
1667 1904 2094 2012 colligimus
2109 1904 2454 1982 nonnihil
2485 1933 2583 1983 ex
2610 1902 3114 2013 superioribus
3128 1908 3287 2013 Jor-

620 2024 623 2031 ’
675 2015 943 2097 nandis
965 2014 1218 2096 verbis*
1240 2074 1263 2108 ‚
1302 2012 1609 2122 quando
1642 2041 1882 2089 currus
1908 2018 2255 2090 nominat
2266 2010 2591 2116 falcatos.
2701 2014 2914 2094 Nam
2945 2042 3283 2123 apparet,

673 2123 992 2211 falcibus
1017 2148 1335 2202 armatas
1374 2120 1605 2201 fuiffe.
1688 2122 1975 2227 Neque
2016 2146 2275 2199 tamen
2303 2149 2573 2199 omnes
2604 2122 2795 2200 'tales
2830 2119 3068 2201 fuere.
3130 2126 3288 2202 Pri-

675 2263 891 2314 mum
910 2237 1114 2337 enim
1135 2257 1282 2323 ea5‚
1300 2256 1616 2337 quarum
1636 2225 1796 2306 usus
1813 2225 1952 2307 fuit
1970 2253 2183 2306 extra
2197 2230 2542 2308 militiam
2557 2290 2579 2323 ‚
2610 2226 2908 2308 caruiffe
2937 2226 3282 2326 falcibu5‚

673 2336 794 2422 res
812 2339 1330 2450 ipsaloquitur.
1447 2335 1576 2417 Ad
1589 2337 1775 2445 quid
1801 2341 2008 2415 enim
2023 2333 2252 2416 falces
2270 2344 2466 2417 ineis
2485 2337 3039 2417 conducerent?
3097 2339 3267 2424 De—

671 2451 854 2533 inde
872 2477 967 2528 ne
985 2453 1062 2527 in
1078 2454 1164 2549 ijs
1185 2443 1498 2554 quidem
1513 2501 1554 2534 „
1597 2444 1870 2555 quibus
1885 2473 2320 2554 pugnavere
2344 2507 2369 2541 ‚
2403 2442 3031 2555 semperfuerunt.
3100 2448 3272 2527 <3ae-

672 2556 978 2641 sarsane
1011 2616 1036 2650 ‚
1091 2562 1430 2663 quicum
1460 2583 1637 2634 cura
1664 2551 2018 2636 describit
2052 2552 2334 2633 effedas
2372 2613 2395 2649 ‚
2439 2556 2563 2631 lib.
2584 2557 2719 2632 IV.
2748 2557 2831 2633 B.
2853 2556 2952 2634 G.
2986 2582 3148 2664 cap.
3179 2587 3279 2660 33.

676 2670 956 2750 nullam
973 2663 1276 2744 falcium
1293 2660 1475 2743 facit
1489 2668 1998 2743 mentionem.
2059 2662 2211 2741 Sed
2230 2690 2375 2741 nec
2394 2661 2590 2769 apud
2608 2663 3010 2770 :dioslegas
3025 2719 3046 2749 ,
3078 2665 3280 2744 unde

676 2776 861 2885 quid
892 2774 989 2852 de
1020 2769 1330 2851 falcibus
1367 2768 1770 2879 suspiceris,
1888 2769 2117 2849 Adeo
2160 2766 2717 2876 frequentiores
2748 2771 2897 2850 fine
2925 2769 3281 2868 falcibus,

675 2911 906 2991 quam
925 2909 1100 2958 cum
1121 2885 1227 2957 eis
1243 2876 1452 2958 fuiffe
1479 2878 1853 2958 videntur.
1925 2878 2197 2976 Postea
2214 2885 2389 2985 quia
2414 2899 2656 2962 curms
2674 2884 3058 2973 nominat,
3120 2909 3289 2961 cur-

674 2991 878 3070 ribus
895 2993 1196 3094 ,c'aeteris
1227 2987 1668 3066 militaribus
1701 2986 2021 3066 extitiffe
2051 2986 2323 3066 ssmiles
2358 2987 2781 3094 colligimus
2819 3020 2836 3062 ε
2897 3014 3075 3064 cum
3100 3015 3284 3098 prae.

669 3097 919 3178 sertim
952 3099 1040 3174 ali
1044 3101 1070 3197 j
1101 3124 1411 3204 quoque
1455 3117 1713 3175 currus
1753 3095 2134 3203 explicare
2175 3092 2483 3173 soleant.
2598 3093 3059 3174 Habuerunt
3096 3126 3282 3205 ergo

670 3204 875 3305 sellas
906 3203 1057 3283 suas
1088 3232 1290 3313 easq3
1310 3202 1561 3284 nescio
1579 3232 1837 3283 annon
1855 3201 2127 3282 clausas
2158 3261 2181 3296 ,
2240 3208 2599 3309 quoniam
2623 3199 2942 3303 basterna
2965 3232 3285 3312 quoque

638 3320 1179 3404 nominantur.
1294 3314 1409 3391 Ita
1432 3312 1666 3393 docet
1682 3340 1823 3391 nos
1842 3313 2197 3412 Cujacius
2225 3312 2352 3388 lib.
2377 3313 2593 3406 XIII.
2616 3307 2935 3388 Observ.
2962 3338 3131 3421 cap.
3155 3344 3273 3417 30.

670 3425 889 3507 eAlio
904 3427 1047 3519 ,ait
1064 3480 1084 3514 ‚
1098 3414 1307 3525 finstae
1321 3420 1638 3522 basternae
1668 3422 1996 3497 vehicula
1995 3419 2180 3524 fiant
2204 3474 2228 3505 ,
2265 3418 2440 3521 sive
2454 3421 2699 3495 leincae
2728 3472 2754 3505 ,
2816 3419 2949 3497 vel
2960 3442 3043 3495 ut
3064 3428 3164 3498 ef}
3189 3428 3277 3498 in

675 3531 898 3636 Gloffis
937 3552 1264 3607 veterum
1298 3584 1322 3615 ,
1382 3528 1593 3633 effida
1635 3559 1776 3637 qnae
1805 3529 1992 3636 quod
2014 3529 2357 3637 plerumq?
2366 3528 2711 3636 speculari
2749 3527 2981 3635 lapide
3004 3528 3257 3606 claude-

664 3665 915 3722 rentur
942 3699 966 3733 ,
1027 3636 1276 3715 eadem
1285 3636 1497 3745 gloſjse
1526 3692 1550 3724 ,
1609 3659 1688 3712 ut
1717 3645 1960 3746 opinor
1985 3695 2007 3730 ,
2063 3636 2177 3712 illo
2208 3635 2450 3718 locosu
2458 3636 2729 3711 venalis
2758 3669 2780 3710 :
2808 3734 2813 3737 0
2834 3647 3018 3748 Qae
3053 3633 3255 3711 vebi-

661 3773 789 3827 tur
827 3746 1037 3853 clauso
1065 3747 1225 3822 talia
1325 3744 1707 3821 ecularibus·
1734 3765 1942 3821 antro
1987 3777 2009 3818 .·
2062 3747 2247 3820 reble
2282 3748 2845 3850 interpretantur
2889 3743 3275 3849 basternas..

659 3857 936 3938 Glossae
967 3916 989 3951 ‚
1037 3882 1200 3963 quae
1279 3852 1600 3932 asternas
1631 3850 1879 3931 effeda
1906 3875 2303 3959 exponunt
2336 3906 2362 3936 ,
2411 3851 2783 3954 Juvenalis
2816 3849 2965 3930 ess'e
2994 3848 3265 3928 viden·

656 3990 798 4050 tur.
913 3970 1026 4044 At
1059 3972 1138 4044 in
1175 3969 1263 4066 ijs
1307 3960 1582 4044 Gloffis
1621 4019 1672 4060 ‚‚
1701 3959 1891 4041 ficut
1937 3959 2253 4068 quidem
2288 3954 2333 4037 a
2357 3958 2795 4040 Schrevelio
2826 3957 3001 4056 ‘sunt
3040 3957 3296 4086 edice.

2902 4068 3269 4176 Lugduni
